@article{cuthbertbluetooth,
  title={A Bluetooth Keyboard Attack},
  author={Cuthbert, Torrey and Gontarek, Andrew and Jensen, Elizabeth and Robbins, Peter}
}
@misc{ma2007keystroke,
  title={Keystroke Logging of a Wireless Keyboard},
  author={Ma, William and Mbugua, Antony and Poon, Dickson},
  year={2007},
  publisher={unpublished}
}

@inproceedings{barnickel2012implementing,
  title={Implementing an Attack on Bluetooth 2.1+ Secure Simple Pairing in Passkey Entry Mode},
  author={Barnickel, Johannes and Wang, Jian and Meyer, Ulrike},
  booktitle={Trust, Security and Privacy in Computing and Communications (TrustCom), 2012 IEEE 11th International Conference on},
  pages={17--24},
  year={2012},
  organization={IEEE}
}

@article{lindell2008attacks,
  title={Attacks on the Pairing Protocol of Bluetooth v2.},
  author={Lindell, Andrew Y},
  journal={Black Hat},
  year={2008}
}

@inproceedings{shaked2005cracking,
  title={Cracking the bluetooth pin},
  author={Shaked, Yaniv and Wool, Avishai},
  booktitle={Proceedings of the 3rd international conference on Mobile systems, applications, and services},
  pages={39--50},
  year={2005},
  organization={ACM}
}

@book{bandyopadhyay2010information,
  title={Information Security and Assurance: 4th International Conference, ISA 2010, Miyazaki, Japan, June 23-25, 2010, Proceedings},
  author={Bandyopadhyay, S.K. and Adi, W. and Kim, T. and Xiao, Y.},
  isbn={9783642133640},
  series={Communications in Computer and Information Science},
  url={http://books.google.com/books?id=PdSBXIZ98bgC},
  year={2010},
  publisher={Springer}
}

@article{almonanimitmssp, 
  title={Secure Public Key Exchange against Man-in-the-Middle Attacks During Secure Simple Pairing (SSP) in Bluetooth},
  author={Almomani, Iman, Al-Saruri, Mohammed, AL-Akhras, Mousa},
  journal={World Applied Sciences Journal},
  volume={Vol. 13, No. 4},
  pages={769--780},
  year={2011}
}

@inproceedings{mutchukota2011man,
  title={Man-in-the-Middle Attack and its Countermeasure in Bluetooth Secure Simple Pairing},
  author={Mutchukota, Thrinatha Reddy and Panigrahy, Saroj Kumar and Jena, Sanjay Kumar},
  booktitle={Computer Networks and Intelligent Computing: 5th International Conference on Information Processing, ICIP 2011, Bangalore, India, August 5-7, 2011. Proceedings},
  volume={157},
  pages={367},
  year={2011},
  organization={Springer}
}

@article{phan2012analyzing,
  title={Analyzing the Secure Simple Pairing in Bluetooth v4. 0},
  author={Phan, Raphael C-W and Mingard, Patrick},
  journal={Wireless Personal Communications},
  pages={1--19},
  year={2012},
  publisher={Springer}
}

@article{scarfone2008guide,
  title={Guide to Bluetooth security},
  author={Scarfone, Karen and Padgette, John},
  journal={NIST Special Publication},
  volume={800},
  pages={47},
  year={2012}
}

@INPROCEEDINGS{4401672, 
author={Hypponen, K. and Haataja, K.M.J.}, 
booktitle={Internet, 2007. ICI 2007. 3rd IEEE/IFIP International Conference in Central Asia on}, 
title={man-in-the-middle attack on bluetooth secure simple pairing}, 
year={2007}, 
month={sept.}, 
volume={}, 
number={}, 
pages={1 -5}, 
keywords={Bluetooth;Computer science;Directional antennas;Electronic mail;Jamming;Personal area networks;Portable computers;Radio frequency;Security;Wireless communication;Bluetooth;radio networks;telecommunication security;Bluetooth secure simple pairing;interconnection technology;man-in-the-middle attack;radio links;Authentication;Authorization;Bluetooth;Man-In-The-Middle attack;Secure Simple Pairing;Wireless Security;}, 
doi={10.1109/CANET.2007.4401672}, 
ISSN={},}


@article{premnath2008battery,
  title={Battery-Draining-Denial-of-Service Attack on Bluetooth Devices},
  author={Premnath, Sriram Nandha and Kasera, Sneha Kumar},
  journal={Thanks to},
  pages={3},
  year={2008}
}

@inproceedings{sandhya2012analysis,
  title={Analysis of Bluetooth threats and v4. 0 security features},
  author={Sandhya, S and Devi, KAS},
  booktitle={Computing, Communication and Applications (ICCCA), 2012 International Conference on},
  pages={1--4},
  year={2012},
  organization={IEEE}
}


%Tools sources
@ONLINE{hidclient,
title ={hidclient, Virtual BluetoothÂ® keyboard and mouse},
author ={Hoffmeister, Anselm Martin},
month= {jun},
year{2012},
url={http://anselm.hoffmeister.be/computer/hidclient/index.html.en}
}

@ONLINE{chopper,
title ={Analysing Bluetooth Keyboard Traffic with hcidump},
author ={Chopper},
month ={jun},
year ={2010},
url ={http://www.cnblogs.com/wzh206/archive/2010/06/03/1750989.html}
}

@ONLINE{hak5,
title ={Hak5: Capture and Analyze Bluetooth Packets with Kismet, Wireshark and the Ubertooth One in BackTrack 5},
author ={Hak5Darren},
month ={jul},
year ={2011},
url ={http://www.youtube.com/watch?v=tk_wC434ft4}
}

%Bluetooth background
@misc{bluetooth,
title ={Bluetooth Basics},
month ={mar},
year ={2013},
url ={http://www.bluetooth.com/Pages/Basics.aspx}
}

@ONLINE{kismet,
title ={Kismet},
month ={dec},
year ={2012},
url ={http://www.kismetwireless.net/}
}

@ONLINE{ubertooth,
title ={Project Ubertooth},
year ={2011},
url={http://ubertooth.sourceforge.net/hardware/one/}
}

